@report{elforsk,
	author = "Håkan Sköldberg and Ebba Löfblad and David Holmström and Bo Rydén",
	title = "Ett fossilbränsleoberoende transportsystem år 2030.",
	subtitle = "Ett visionsprojekt för Svensk Energi och Elforsk",
	date = "2010",
	url = "http://www.elforsk.se/Rapporter/?rid=10_55_",
	institution = "Elforsk",
	type = "Rapport",
	number = "10:55"
}
@report{elforskelbil,
	author = "Erik Filipsson and Ellenor Grundfelt",
	title = "Styrmedel för introduktion av eldrivna fordon och utbyggnad av laddinfrastruktur",
	year = "2009",
	url = "http://www.elforsk.se/Rapporter/?rid=09_48_",
	institution = "Elforsk",
	type = "Rapport",
	number = "09:48"
}
@report{fossilfrihet,
	author = "Näringsdepartementet",
	title = "Fossilfrihet på väg",
	date = "2013-12-16",
	url = "http://www.regeringen.se/sb/d/17075/a/230739",
	institution = "Staten",
	type = "Rapport",
	number = "2013:84"
}
@report{energimyndigheten,
	author = "Energimyndigheten",
	title = "Scenarier över Sveriges energisystem",
	subtitle = "2014 års långsiktiga scenarier, ett underlag till klimatrapporteringen",
	date = "2014",
	url = "http://www.regeringen.se/sb/d/18300/a/238512",
	institution = "Staten",
	type = "Rapport",
	number = "ER 2014:19"
}
@online{laddbarafordon,
	title = "Ökningen av laddbara fordon avtar",
	url = "http://powercircle.org/nyhet/okningen-av-laddbara-fordon-avtar-3",
	date = "2014-12-03",
	urldate = "2015-01-06"
}
@online{fordonsstatistik,
	title = "Fordonsstatistik 2014",
	organization = "Transportstyrelsen",
	url = "https://www.transportstyrelsen.se/sv/Press/Statistik/Vag/Fordonsstatistik/Fordonsstatistik-juni-2014/",
	date = "2014-07-09",
	urldate = "2015-01-06"
}
@online{ekonomiskastyrmedel,
	title = "Ekonomiska styrmedel",
	url = "http://www.biogasportalen.se/BliProducentAvBiogas/Ekonomi/Stodochstyrmedel",
	date = "2014-05-13",
	urldate = "2015-01-06"
}
@online{statoil,
	title = "Biodiesel B100",
	url = "http://www.statoil.se/sv_SE/pg1334072467687/privat/Drivmedel/%C3%B6vrigadrivmedel/Biodiesel-B100.html",
	urldate = "2015-01-06"
}
@unpublished{bioenergi,
	title = "Bioenergi",
	author = "Oskar Englund",
	location = "Chalmers University of Technology",
	year = "2014"
}
@online{macken,
	title = "Första macken för vätgas",
	url = "http://www.skanskan.se/article/20140610/MALMO/140609539/-/forsta-macken-for-vatgas",
	date = "2014-06-10",
	urldate = "2015-01-06"
}
@report{karnkraft,
	author = "Miljö- och energidepartementet",
	title = "Kärnkraft -- nya reaktorer och ökat skadeståndsansvar",
	institution = "Staten",
	url = "http://www.regeringen.se/sb/d/11597/a/134558",
	type = "Statens offentliga utredningar",
	number = "2009:88",
	date = "2009-11-02"
}
@report{mckinsey,
	author = "",
	title = "",
	type = "",
	date = "",
	institution = "",
	url = ""
}
